@misc{dog1,
    author = "Wiki",
    title = "Dog",
    howpublished = {\url{https://en.wikipedia.org/wiki/Dog}},
    note = {Accessed: 2024-03-15}
}
@misc{forbes,
    author = "Michelle Megna",
    title = "Pet Ownership Statistics 2024",
    howpublished = {\url{https://www.forbes.com/advisor/pet-insurance/pet-ownership-statistics/}},
    note = {Accessed: 2024-03-15}
}
@misc{akc,
    author = "AKC",
    title = "Can You Tell These Dog Breed Look-Alikes Apart?",
    howpublished = {\url{https://www.akc.org/expert-advice/lifestyle/dog-breed-look-alikes/}},
    note = {Accessed: 2024-03-15}
}
@misc{akc_husky,
    author = "AKC",
    title = "Siberian Husky",
    howpublished = {\url{https://www.akc.org/dog-breeds/siberian-husky/}},
    note = {Accessed: 2024-03-15}
}
@misc{akc_mal,
    author = "AKC",
    title = "Alaskan Malamute",
    howpublished = {\url{https://www.akc.org/dog-breeds/alaskan-malamute/}},
    note = {Accessed: 2024-03-15}
}
@misc{data_source,
    author = "Aditya Khosla, Nityananda Jayadevaprakash, Bangpeng Yao, and Li Fei-Fei",
    title = "Stanford Dogs Dataset",
    howpublished = {\url{http://vision.stanford.edu/aditya86/ImageNetDogs/}},
    note = {Accessed: 2024-03-15}
}







